<?xml version="1.0" encoding="UTF-8"?><collection><record><leader>03570ntm a2200445 a 4500</leader><controlfield tag="001">002583082</controlfield><controlfield tag="003">MiAaHDL</controlfield><controlfield tag="005">20190719000000.0</controlfield><controlfield tag="006">m        d        </controlfield><controlfield tag="007">cr bn ---auaua</controlfield><controlfield tag="008">921209q14401900xx            00||  ara d</controlfield><datafield tag="035" ind1=" " ind2=" "><subfield code="a">(MiU)002583082</subfield></datafield><datafield tag="035" ind1=" " ind2=" "><subfield code="a">sdr-miu002583082</subfield></datafield><datafield tag="035" ind1=" " ind2=" "><subfield code="a">(OCoLC)34365315</subfield></datafield><datafield tag="035" ind1=" " ind2=" "><subfield code="a">(RLIN)MIUH92-A31</subfield></datafield><datafield tag="040" ind1=" " ind2=" "><subfield code="a">MiU</subfield><subfield code="c">MiU</subfield><subfield code="e">appm</subfield><subfield code="d">MiU</subfield></datafield><datafield tag="100" ind1="1" ind2=" "><subfield code="6">880-01</subfield><subfield code="a">Ibn al-Majdī, Shihāb al-Dīn Abū al-ʻAbbās Aḥmad ibn Rajab al-Qāhirī,</subfield><subfield code="d">1365-1447.</subfield></datafield><datafield tag="240" ind1="1" ind2="0"><subfield code="6">880-02</subfield><subfield code="a">Risālah fī ʻamal kitābihi al-musammá al-Durr al-yatīm fī tashīl ṣināʻat al-taqwīm</subfield></datafield><datafield tag="245" ind1="1" ind2="0"><subfield code="6">880-03</subfield><subfield code="a">Kitāb al-darar fī ḥall maqūmāt al-shams wa-al-qamar :</subfield><subfield code="k">manuscript,</subfield><subfield code="f">[between 1440? and 1900] /</subfield><subfield code="c">lil-shaykh al-imām al-ʻālim al-ʻallāmah Shihāb al-Dīn Aḥmad ibn al-Majdī.</subfield></datafield><datafield tag="300" ind1=" " ind2=" "><subfield code="a">1</subfield><subfield code="f">v. ([7] p. on 2 lvs.) ;</subfield><subfield code="c">22 cm.</subfield></datafield><datafield tag="500" ind1=" " ind2=" "><subfield code="a">Text and title rubricated, with red borders; in margin on p. [2], fī al-ṣūratayn lā yazīdu wa-hādhā khāṣṣ bi-hādhihi al-nuskhah lā bi-ghayrihā.</subfield></datafield><datafield tag="500" ind1=" " ind2=" "><subfield code="a">End date found in owner's mark on p. [1].</subfield></datafield><datafield tag="510" ind1="4" ind2=" "><subfield code="a">GAL,</subfield><subfield code="c">v. II, p. 158; GAL, Suppl. II, p. 159; King, Survey, p. 72</subfield></datafield><datafield tag="520" ind1=" " ind2=" "><subfield code="a">"A faṣl on the use of the solar tables" in Ibn al-Majdī's Kitāb al-durr al-yatīm fī tashīl al-taqwīm "for compiling annual ephemerides of the sun." David A. King, A Survey of the Scientific Manuscripts in the Egyptian National Library (Winona Lake, 1986), p. 72.</subfield></datafield><datafield tag="538" ind1=" " ind2=" "><subfield code="a">Mode of access: Internet.</subfield></datafield><datafield tag="541" ind1=" " ind2=" "><subfield code="d">11/13/34</subfield><subfield code="3">Manuscript</subfield><subfield code="a">History of Science, Meyerhof 29733</subfield><subfield code="c">Purchase, 1934</subfield></datafield><datafield tag="545" ind1=" " ind2=" "><subfield code="a">Egyptian astronomer; contemporary of Ibn al-Shāṭir.</subfield></datafield><datafield tag="561" ind1=" " ind2=" "><subfield code="a">Purchased in Cairo, 1933/34. Owner's mark: on p. [1], owner's autograph with date: tamallaka hādhihi al-risālah al-jalīlah bi-al-shirāʾ al-sharʻī al-faqīr ...[?]... ʻAbd al-Muʻṭī[?] al-Ḥanafī[?] wa-dhālika yawm al-ithnayn 22 Muḥarram sanat 1318 [22 May 1900] bi-Ṭan[ṭah?].</subfield></datafield><datafield tag="600" ind1="1" ind2="4"><subfield code="6">880-04</subfield><subfield code="a">Ibn al-Majdī, Shihāb al-Dīn Abū al-ʻAbbās Aḥmad ibn Rajab al-Qāhirī,</subfield><subfield code="d">1365-1447.</subfield><subfield code="t">Durr al-yatīm fī tashīl ṣināʻat al-taqwīm.</subfield></datafield><datafield tag="650" ind1=" " ind2="0"><subfield code="a">Ephemerides</subfield><subfield code="y">Early works to 1800.</subfield></datafield><datafield tag="650" ind1=" " ind2="0"><subfield code="a">Sun</subfield><subfield code="y">Early works to 1800.</subfield></datafield><datafield tag="650" ind1=" " ind2="0"><subfield code="a">Astronomy, Arab</subfield><subfield code="y">Early works to 1800.</subfield></datafield><datafield tag="650" ind1=" " ind2="0"><subfield code="a">Manuscripts, Arabic</subfield><subfield code="z">Michigan</subfield><subfield code="z">Ann Arbor.</subfield></datafield><datafield tag="700" ind1="1" ind2="0"><subfield code="6">880-05</subfield><subfield code="a">Ibn al-Majdī, Shihāb al-Dīn Abū al-ʻAbbās Aḥmad ibn Rajab al-Qāhirī,</subfield><subfield code="d">1365-1447.</subfield><subfield code="t">Durr al-yatīm fī tashīl ṣināʻat al-taqwīm.</subfield></datafield><datafield tag="700" ind1="1" ind2=" "><subfield code="a">Meyerhof, Max,</subfield><subfield code="d">1874-1945,</subfield><subfield code="e">former owner.</subfield></datafield><datafield tag="773" ind1="0" ind2=" "><subfield code="a">Tracy W. McGregor Collection of Arabic, Persian, and Turkish Mathematical and Astronomical Manuscripts.</subfield><subfield code="7">unbc</subfield><subfield code="w">(CStRLIN)MIUH92-A20.</subfield></datafield><datafield tag="880" ind1="0" ind2="0"><subfield code="6">700-05/</subfield><subfield code="a">شهاب الدين أبو العباس أحمد بن رجب القاهري بن المجدي.</subfield><subfield code="t">در اليتيم في تسهيل صناعر التقويم.</subfield></datafield><datafield tag="880" ind1="0" ind2="4"><subfield code="6">600-04/</subfield><subfield code="a">شهاب الدين أبو العباس أحمد بن رجب القاهري بن المجدي.</subfield><subfield code="t">در اليتيم في تسهيل صناعة التقويم.</subfield></datafield><datafield tag="880" ind1="1" ind2="0"><subfield code="6">245-03/</subfield><subfield code="a">كتاب الدرر في حل مقومات الشمس والقمر :</subfield><subfield code="k">manuscript,</subfield><subfield code="f">[between 1440? and 1900] /</subfield><subfield code="c">للشيخ الإمام العالم العلامة شهاب الدين أحمد بن المجدي.</subfield></datafield><datafield tag="880" ind1="1" ind2="0"><subfield code="6">240-02/</subfield><subfield code="a">رسالة في عمل كتابه المسمى الدر اليتيم في تسهيل صناعة التقويم</subfield></datafield><datafield tag="880" ind1="0" ind2=" "><subfield code="6">100-01/</subfield><subfield code="a">شهاب الدين أبو العباس أحمد بن رجب القاهري بن المجدي.</subfield></datafield><datafield tag="CID" ind1=" " ind2=" "><subfield code="a">002583082</subfield></datafield><datafield tag="DAT" ind1="0" ind2=" "><subfield code="a">20190719102632.0</subfield><subfield code="b">20190719000000.0</subfield></datafield><datafield tag="DAT" ind1="1" ind2=" "><subfield code="a">20190719090653.0</subfield><subfield code="b">2019-07-19T16:10:31Z</subfield></datafield><datafield tag="DAT" ind1="2" ind2=" "><subfield code="a">2015-10-02T18:00:03Z</subfield><subfield code="b">2014-03-05T21:00:03Z</subfield></datafield><datafield tag="CAT" ind1=" " ind2=" "><subfield code="a">SDR-MIU</subfield><subfield code="d">EX LIBRIS - ALEPH</subfield><subfield code="l">prepare.pl-004-008</subfield></datafield><datafield tag="FMT" ind1=" " ind2=" "><subfield code="a">BK</subfield></datafield><datafield tag="HOL" ind1=" " ind2=" "><subfield code="0">sdr-miu002583082</subfield><subfield code="a">MiU</subfield><subfield code="b">SDR</subfield><subfield code="c">MIU</subfield><subfield code="p">mdp.39015081446745</subfield><subfield code="s">MIU</subfield><subfield code="1">002583082</subfield></datafield><datafield tag="974" ind1=" " ind2=" "><subfield code="b">MIU</subfield><subfield code="c">MIU</subfield><subfield code="d">20190719</subfield><subfield code="s">lit-dlps-dc</subfield><subfield code="u">mdp.39015081446745</subfield><subfield code="y">1900</subfield><subfield code="r">pd</subfield><subfield code="q">exp</subfield></datafield></record></collection>